2192 3020
178 212 354 278 atque
369 192 689 256 amicitiam
719 194 920 256 noctes
938 214 1092 255 meas
1110 194 1407 257 Atuaticas
1434 190 1640 257 dedico
1655 193 1855 258 conse-

179 278 432 366 eroque:
452 276 555 342 has
578 283 807 344 virtutis
824 275 1074 342 cultores
1102 283 1398 349 Socratico
1412 302 1614 344 amore
1637 278 1854 360 fouete,

184 362 292 431 illis
312 363 535 428 &mihi
562 363 908 428 aMercurio
938 362 1123 449 longo
1152 364 1516 449 postliminio
1547 366 1617 428 ad
1651 365 1847 430 Musas

186 450 444 517 redeunti
460 448 770 537 indulgete.
789 474 910 514 non
934 456 1128 514 minus
1147 449 1316 515 vobis
1336 451 1420 514 hae
1438 450 1646 515 fabula:
1664 452 1844 537 quain

189 537 374 602 diuini
394 535 649 601 Platonis
671 558 891 601 matura
913 536 1228 624 diuinac'lue
1245 537 1630 622 philosophia,
1647 544 1854 602 Socra-

191 631 315 689 ticae
340 623 708 688 inductiones
728 674 745 702 ,
779 623 1121 709 Pythagorae
1156 622 1406 686 abstrusa
1433 623 1849 710 reconditac'que

189 709 496 775 inuolucra
512 761 533 790 ,
561 713 804 795 Epic'teti
822 731 1101 795 praecepta
1124 708 1390 787 ,Cebetis
1421 709 1692 774 humana:
1719 716 1851 775 vitae

192 795 508 884 labyrinthi
531 793 807 860 fabulosa:
834 793 1044 859 ethices
1071 796 1351 860 doCttinae
1380 795 1678 881 persimilis
1700 846 1719 873 ,
1749 819 1850 862 aut

194 881 444 968 denique
468 882 585 968 ipsa
615 881 848 947 historia
877 887 1010 947 vitae
1047 881 1349 967 magistra,
1391 880 1648 948 vtilitatis
1678 908 1848 947 com-

197 968 478 1057 modiq'ue
504 969 788 1033 adferent.
820 992 891 1031 ne
939 993 1010 1033 ue
1038 972 1198 1032 enim
1227 967 1608 1033 diffidendum
1645 970 1724 1033 est
1754 970 1850 1032 fo-

195 1079 252 1120 te
278 1056 426 1119 hanc
455 1054 790 1141 AEsopicam
818 1054 918 1142 phi
944 1054 1248 1141 osophiam
1279 1060 1572 1142 optimam
1591 1060 1726 1119 vitae
1758 1061 1847 1119 in-

197 1143 493 1207 stituendae
530 1141 862 1228 magistram
894 1190 915 1219 ‚
955 1146 1120 1206 cuius
1162 1143 1368 1206 audior
1412 1138 1848 1225 sapientissimus

194 1228 552 1314 quandoque
569 1227 862 1299 Solonem,
875 1233 1171 1292 monuerit
1190 1278 1209 1307 ,
1225 1253 1359 1293 cum
1389 1227 1618 1314 regibus
1637 1228 1661 1284 ἢ
1678 1228 1850 1286 §immi

197 1316 332 1373 msa
349 1313 716 1400 loquendum
748 1315 854 1378 esse
872 1364 890 1392 ,
916 1339 1100 1400 neque
1123 1339 1263 1379 eum
1293 1338 1529 1379 morum
1569 1313 1744 1379 nobis
1771 1312 1852 1378 le-

196 1425 289 1488 ges
306 1401 445 1464 ferte
460 1401 1014 1479 verecundabimurg
1043 1425 1220 1486 quem
1258 1406 1491 1466 Gtaeciae
1511 1423 1738 1464 tantum
1760 1398 1846 1464 lu·
1895 1452 1897 1454 -

196 1510 331 1551 men
357 1511 423 1549 ac
457 1485 992 1571 superbissimarum
1023 1485 1388 1552 Athenarum
1418 1484 1703 1572 legissator
1717 1511 1851 1572 ptu-

195 1570 555 1637 dentissimus
572 1596 908 1637 monentem
927 1573 1123 1638 audite
1139 1597 1259 1637 non
1278 1572 1574 1636 fastidiuit.
1595 1595 1718 1636 non
1741 1578 1854 1636 mi-

196 1680 306 1721 nus
324 1657 575 1722 fortassis
591 1684 660 1722 ex
687 1659 890 1723 harum
907 1656 1240 1724 fabularum
1280 1656 1532 1723 lectione
1551 1708 1568 1737 ‚
1601 1658 1746 1722 dum
1781 1658 1854 1721 fi-

197 1741 323 1807 mul
352 1741 555 1807 oculos
586 1756 643 1808 ὅ(
679 1751 950 1808 animum
975 1744 1194 1830 pascitis
1214 1745 1748 1829 ,profecsturiquam
1770 1747 1850 1808 A·

194 1829 420 1912 madisij
455 1836 840 1908 commentis,
872 1831 1082 1894 Ariosti
1115 1835 1433 1915 poematiS,
1469 1851 1637 1916 atque
1669 1830 1727 1893 id
1757 1853 1859 1916 gc.

195 1920 633 1980 nusinnumeris
665 1915 912 2000 seriptis.
944 1914 1049 1979 sub
1078 1914 1296 1999 quibus
1329 1913 1573 1979 libenter
1602 1915 1852 1980 fatemur

200 2006 356 2066 tec'ta
383 2000 487 2064 esl‘e
505 1998 937 2087 quamplurima
956 2051 975 2081 ,
1003 2024 1132 2086 quae
1146 1999 1219 2064 ad
1235 2023 1622 2064 communem
1639 2006 1848 2079 vitam,

198 2085 492 2170 politicam
525 2085 1080 2151 administrationem
1116 2134 1135 2162 ,
1172 2084 1382 2148 aulicas
1412 2082 1643 2149 technas
1672 2134 1690 2163 ,
1727 2109 1847 2153 rem

201 2172 508 2235 militarem
530 2221 547 2248 ,
563 2196 683 2235 non
718 2194 920 2255 parum
942 2169 1079 2234 lucis
1099 2170 1390 2234 adferunt.
1427 2177 1729 2256 Spetamus
1746 2195 1849 2237 au-

198 2279 318 2323 tem
353 2267 410 2320 &
441 2260 652 2321 Latinae
681 2255 884 2341 linguae
909 2254 1223 2320 candidatis
1261 2254 1344 2319 ob
1379 2261 1455 2320 rei
1490 2261 1847 2334 varietatem,

199 2367 267 2407 ac
293 2339 638 2428 multiplices
669 2341 998 2407 dictionum
1045 2338 1511 2405 nomenclatutas
1543 2390 1562 2419 ,
1595 2365 1724 2428 quae
1756 2341 1850 2409 hic

200 2426 516 2517 perpetuo,
546 2427 674 2495 raro
692 2424 832 2494 alibi
852 2449 1194 2507 ,occurrunt
1208 2477 1226 2507 ,
1247 2425 1358 2492 hoc
1378 2424 1725 2515 opusculum
1747 2450 1855 2495 nec

1654 2537 1845 2603 ingrae
