2192 3020
355 169 540 260 quet]
598 174 908 255 Eapropter
935 170 1149 254 optimi
1177 171 1283 234 viri
1311 227 1327 252 ‚
1365 190 1505 233 cum
1534 166 1627 235 hic
1674 165 2011 238 fabularum*

275 297 279 301 -
355 282 477 323 non
520 255 918 337 AEsopicarum
957 254 1145 319 modo
1175 307 1192 334 ,
1219 255 1312 319 sed
1343 280 1855 344 quorumcumque
1882 284 2010 345 quae

357 344 636 408 haestenus
668 341 868 405 baberi
899 362 1136 426 potuere
1154 340 1411 420 ‚libellus
1439 367 1561 406 non
1589 350 1664 406 ita
1697 343 1889 408 multo
1908 370 2013 408 an-

354 453 408 495 te
444 429 475 493 ὲ
514 427 741 515 Belgico
774 434 832 491 in
883 427 1187 492 Gallicum
1231 427 1454 493 idioma
1500 429 1804 494 vernaculo
1848 430 2014 495 vtris-

360 541 472 603 que
496 522 751 580 carmine
778 512 1074 578 transsatus
1100 515 1198 591 fit,
1224 514 1413 578 vestro
1440 517 1670 580 hortatu
1700 575 1714 602 ‚
1742 522 1842 600 qui
1860 523 2016 588 Stoae

356 609 529 666 veteri
556 628 619 667 ac
646 608 925 666 virtutum
961 598 1163 665 scholae
1190 601 1449 685 impense
1475 603 1678 667 fauetis
1695 653 1713 680 ,
1745 629 1880 667 cum
1909 608 2017 668 La-

361 694 445 754 tio
482 689 827 753 donandum
854 687 1043 751 censui
1069 737 1084 761 ,
1123 684 1390 773 aequ'abili
1420 714 1482 751 ac
1514 687 1687 774 plano
1722 715 1861 765 ‚nec
1889 715 2011 754 non

361 776 395 839 εἰ
424 784 721 860 poetarum
756 773 976 860 legibus
998 774 1292 837 vindicato
1326 774 1587 838 sermone
1610 825 1626 853 ,
1667 801 1801 838 cum
1836 775 2015 854 pluri-

363 859 475 927 bus
500 860 570 924 de
591 862 793 926 caussis
823 883 950 924 tum
985 859 1136 924 hisce
1156 859 1531 946 potissimssun
1547 911 1565 939 ,
1585 864 1747 948 quod
1764 860 2018 944 solutam

363 953 692 1012 orationem
718 947 752 1011 a
785 944 1039 1032 pluribus
1083 947 1263 1033 quaim
1295 957 1547 1011 numeris
1584 948 1870 1011 astrictam
1907 946 2021 1034 legi·

363 1039 425 1098 in
449 1034 703 1097 confesso
734 1034 799 1097 fit
814 1083 831 1110 ,
861 1039 1148 1118 quoniam
1175 1058 1239 1095 ea
1259 1032 1513 1120 plerique
1528 1041 1712 1118 magis
1731 1033 2018 1110 del-ecken-

366 1141 458 1184 tur
494 1170 510 1197 ‚
545 1120 723 1205 quiun
753 1125 1005 1182 carmine
1037 1168 1052 1197 ‚
1086 1119 1233 1183 cnm
1262 1118 1478 1183 facilius
1507 1127 1693 1183 maior
1727 1118 2022 1185 letstorum·

368 1230 493 1293 pars
521 1231 648 1270 eam
681 1205 1003 1290 affequatur
1023 1253 1046 1268 r
1068 1229 1338 1289 praetcrea-
1362 1229 1422 1270 vt
1444 1211 1729 1269 omnium·
1741 1230 1859 1269 non
1884 1213 2019 1269 arti-

369 1295 547 1356 ficum
567 1290 756 1359 modo,
770 1287 1156 1355 hbemliorum
1175 1298 1351 1355 coetui
1371 1342 1389 1369 ,
1403 1291 2022 1376 pistorumdicoscula

368 1403 641 1466 prorum,
678 1379 1121 1442 ambite-&orum
1146 1429 1160 1455 ,
1184 1390 1240 1442 δε
1261 1377 1711 1441 firnilium-bunc
1728 1375 2021 1456 libellum,

369 1489 498 1552 quo*
521 1463 667 1528 nihil
697 1470 757 1527 in
774 1489 847 1527 eo
877 1487 1080 1549 genere
1099 1515 1114 1543 ,
1134 1462 1223 1529 vel
1250 1463 1503 1548 ipsorum
1535 1463 1753 1527 iudicio
1774 1514 1790 1538 ‚
1822 1464 2017 1528 haste-
2097 1526 2106 1531 s

367 1575 486 1616 nus.
509 1549 720 1636 prodiit
748 1547 1092 1614 elaboratius
1122 1604 1141 1631 ,
1163 1549 1726 1614 commendatiorem
1759 1550 2023 1615 reddere-

368 1661 501 1702 mus
538 1688 556 1717 ,
576 1641 952 1702 verumetiam
983 1635 1403 1700 iisnationibus
1433 1642 1553 1700 eius
1575 1637 1888 1701 faceremus
1917 1661 2025 1700 co⁴

367 1730 524 1812 piam
544 1772 563 1802 ,
579 1747 642 1787 ac
675 1746 844 1786 muta
863 1727 1068 1807 quaein
1091 1722 1303 1786 eosunt
1318 1726 1630 1788 animantia
1654 1722 2020 1787 redderemus

366 1810 598 1876 vocalia.
629 1858 651 1885 ‚
680 1814 788 1895 qui·
810 1830 1081 1872 neutrum
1110 1807 1357 1872 istarum
1379 1807 1457 1872 lin
1504 1833 1707 1872 uarum
1740 1860 1761 1885 ,
1802 1810 2021 1901 quibus

368 1895 648 1960 haCtenus
679 1894 863 1957 editus
882 1895 960 1958 est
986 1943 1006 1970 ,
1038 1893 1243 1958 callent
1276 1943 1289 1956 .
1322 1833 1500 1979 quo}
1516 1919 1625 1957 nos
1655 1895 2019 1980 potissrmum

368 1987 585 2047 Latinae
618 1980 841 2065 linguae·
884 1978 1178 2045 beneficio·
1214 1985 1621 2045 consecuturos
1662 1989 1784 2043 non
1826 1982 2022 2045 ambi—

367 2074 563 2154 gimus
595 2114 617 2129 ..
671 2070 735 2130 Id
767 2066 867 2130 etsi
898 2091 1003 2151 pto
1030 2089 1174 2129 voto
1204 2092 1338 2131 meo
1381 2067 1652 2131 nondum
1682 2065 2019 2131 consecutus

366 2154 474 2217 fim
499 2202 516 2230 ‚
546 2175 711 2216 erunt
746 2173 939 2215 tamen
968 2158 1070 2238 qui
1099 2178 1289 2216 meam
1322 2177 1554 2239 operam
1573 2204 1588 2231 ‚
1619 2174 1895 2231 conatum
1920 2178 2018 2229 ,ac

365 2237 684 2321 subseciuas
713 2236 883 2300 horas
916 2262 1040 2301 non
1075 2237 1529 2324 aspernabantur
1548 2288 1563 2314 ,
1596 2239 1634 2301 s1
1657 2243 1758 2324 qni
1789 2236 2020 2324 sugilla-

365 2331 552 2388 uerint
568 2373 585 2400 ,
607 2329 714 2387 erit
727 2322 840 2387 hoc
855 2325 1147 2388 mihicum
1164 2323 1363 2388 multis
1379 2349 1721 2399 commune,
1743 2347 1863 2386 non
1882 2348 2020 2409 pro-

364 2405 487 2475 bati
509 2410 819 2477 omnibus:
840 2407 1007 2479 vobis
1024 2432 1222 2477 autem
1233 2411 1317 2478 ob
1330 2418 1584 2479 veterem
1598 2408 2026 2478 consuetudine·
2074 2464 2077 2467 .

1843 2517 2026 2585 atque
