2192 3020
132 0 207 45 ‚⁸-

159 147 824 229 Pharisaeorumffastum
873 163 940 217 ac
973 154 1412 219 contumaciam
1457 149 1831 232 contuderit,

158 239 487 329 perfregerit
517 289 538 319 ,
581 239 847 306 erudierit
869 287 889 319 ,
921 238 1184 305 docuerit
1212 236 1503 328 parabolis
1541 251 1600 306 δι
1632 262 1835 305 exem·

161 323 265 414 plis
296 375 311 391 .
339 326 486 415 quid
513 340 533 390 ἓ
571 326 737 415 quod
768 331 1093 414 aenigmatis
1135 326 1528 415 tortuosisque
1558 325 1834 415 qua-stio-

161 411 337 479 nibus
369 414 570 478 diuina
606 413 873 501 mysteria
900 411 1081 501 vulgo
1110 414 1503 500 proposuerit,
1535 437 1726 498 neque
1758 410 1831 479 ad

163 499 520 567 sacrosancta
551 499 721 588 adyta
760 501 1119 586 quemquam
1151 523 1351 587 praetcr
1373 525 1473 565 eos
1517 507 1622 587 qui
1651 499 1685 566 :i
1715 522 1827 565 ter-

164 585 592 652 renissordibus
612 609 869 652 mentem
887 586 1298 674 despumarant
1312 640 1331 667 ,
1368 586 1684 653 admiserit:
1703 610 1834 674 par-

164 679 275 739 tim
306 697 496 738 rerum
531 673 839 739 arduarum
869 673 1280 752 magnitudine
1323 679 1511 738 terreri
1557 674 1829 739 infirmos

161 759 453 825 insinuans
481 786 544 825 ac
573 759 845 846 gradibus
874 742 1227 848 quibusdam
1261 759 1333 823 ad
1363 758 1595 825 caelestis
1616 762 1835 847 sapien-

160 851 259 911 tia:
290 852 510 933 apicem
532 847 939 912 deducendos:
982 851 1186 932 partim
1223 844 1495 911 latentem
1529 847 1858 933 quandam.

165 939 227 998 in
258 931 376 996 hoc
409 934 746 998 instituendi
774 956 976 1020 genere
1002 931 1318 998 delitescere
1333 940 1624 1021 energiam
1655 959 1718 998 ac
1738 940 1830 998 in-

167 1018 498 1083 credibilem
531 1017 888 1107 voluptatem
907 1018 1071 1084 fitam
1103 1021 1239 1084 ess'e.
1261 1024 1427 1084 Nam
1457 1021 1592 1085 cum
1611 1045 1707 1106 per
1725 1046 1831 1085 an-

160 1105 380 1169 -fracius
426 1106 527 1169 diu
555 1107 861 1171 hominem
906 1106 1158 1171 detineat
1197 1156 1215 1185 ,
1260 1106 1320 1170 id
1345 1106 1580 1171 tandem
1614 1104 1822 1184 efficit,

169 1212 231 1254 vt
262 1191 430 1255 rebus
453 1190 487 1255 ὲ
514 1193 704 1257 media
748 1198 879 1257 vitae
923 1192 1338 1257 consuetudine
1374 1218 1438 1257 ac
1469 1193 1828 1280 quotidianis

168 1277 501 1343 ustionibus
530 1284 713 1364 petitis
733 1330 748 1357 ‚
763 1279 923 1364 quod
942 1279 1189 1346 minime
1204 1279 1521 1363 persuaderi
1544 1303 1708 1343 antea
1724 1306 1831 1365 po-

166 1384 356 1428 tuerat
381 1413 403 1438 ,
433 1388 587 1428 nunc
617 1362 767 1430 vltro
802 1369 1032 1451 arripiat
1060 1415 1077 1442 ,
1112 1364 1491 1450 amplectatur
1519 1417 1535 1443 ‚
1573 1378 1631 1430 δε
1665 1367 1826 1452 quod

170 1448 488 1515 absurdum
507 1452 857 1537 quandoque
883 1450 1211 1528 videbatur,
1243 1476 1309 1515 ex
1327 1452 1619 1534 paradoxo
1646 1476 1831 1537 popu·

170 1532 282 1596 lare
310 1535 503 1620 postea
528 1562 591 1600 ac
617 1536 1038 1623 suspiciendum
1066 1536 1583 1626 venerandumque
1613 1538 1824 1603 reddare

170 1619 319 1683 adeo
346 1645 493 1685 caeca
518 1621 760 1709 caligine
792 1629 850 1687 in
876 1622 1035 1688 hunc
1062 1648 1341 1689 carcerem
1382 1623 1669 1689 deturbati
1719 1648 1831 1688 no·

172 1707 267 1769 stri
295 1705 424 1770 sunt
464 1713 648 1772 animi
686 1759 704 1787 ,
736 1715 816 1772 ita
846 1707 1217 1795 voluptatum
1251 1735 1316 1775 ae
1350 1715 1608 1796 corporis
1649 1734 1827 1775 coeno

171 1793 429 1868 immersi
462 1841 481 1869 ,
532 1816 595 1857 vt
630 1794 969 1860 huiusmodi
1005 1801 1280 1860 conuinci
1318 1802 1672 1881 argumentis
1730 1819 1829 1881 ge·

171 1880 378 1956 stiant,
411 1901 472 1941 vt
507 1877 721 1943 horum
752 1879 1019 1945 doclrina
1046 1880 1480 1946 rationiobtem
1526 1905 1676 1946 crare
1701 1907 1833 1947 ma-

175 1963 284 2029 lint
301 2013 318 2042 ,
344 1964 519 2051 quzim
538 1963 826 2029 abstraCtis
843 1966 877 2030 a
902 1965 1169 2029 sensuum
1192 1966 1409 2029 iudicio
1425 1990 1479 2030 rc
1531 1991 1593 2031 us
1614 2015 1628 2029 .
1664 1969 1830 2054 qnod

173 2056 349 2134 igitur
376 2074 442 2114 ea
466 2048 706 2116 moralis
750 2049 1134 2136 philosophia:
1179 2051 1461 2116 tradcndae
1493 2078 1630 2117 cum
1658 2061 1827 2118 omni

172 2135 492 2200 hominum
522 2143 745 2222 generi,
774 2160 904 2200 tum
927 2134 1020 2200 vel
1047 2137 1301 2201 maxime
1314 2135 1493 2223 vulgo
1520 2144 1613 2203 via
1640 2137 1704 2203 fit
1727 2164 1827 2203 exa

176 2220 527 2302 peditissima
572 2269 591 2299 ,
625 2244 811 2308 neque
835 2228 1030 2286 minus
1079 2222 1260 2307 quam
1297 2223 1827 2311 apophthegmata,

174 2304 427 2385 Chruae,
461 2303 782 2385 sententiae,
818 2331 1073 2397 quorum
1123 2307 1274 2374 laudi
1306 2307 1499 2374 nullus
1537 2334 1636 2375 vm
1687 2335 1826 2377 uam

170 2388 391 2478 sapiens
419 2392 691 2474 detraxit,
722 2399 934 2462 virium
961 2392 1207 2474 habeat,
1258 2420 1325 2459 ex
1360 2394 1449 2461 his
1481 2395 1638 2463 abun
1683 2396 1714 2460 ὲ
1753 2395 1828 2465 li·

1280 2492 1317 2527 *
1403 2508 1427 2565 3
1666 2506 1823 2572 quer.
